@article{abbott2011,
  title={A dispersal-induced paradox: synchrony and stability in stochastic metapopulations},
  author={Abbott, Karen C},
  journal={{Ecology Letters}},
  volume={14},
  number={11},
  pages={1158--1169},
  year={2011},
  publisher={Wiley Online Library}
}

@article{baker2008overview,
  title={An overview of life-history variation in female threespine stickleback},
  author={Baker, John, and Heins, David and Foster, Susan, and King, Richard},
  journal={Behaviour},
  volume={145},
  number={4-5},
  pages={579--602},
  year={2008},
  publisher={Brill}
}

@article{baker2015life,
  title={Life-history plasticity in female threespine stickleback},
  author={Baker, JA and Wund, MA and Heins, DC and King, RW and Reyes, ML and Foster, SA},
  journal={Heredity},
  volume={115},
  number={4},
  pages={322--334},
  year={2015},
  publisher={Nature Publishing Group}
}

@article{bartrons2015spatial,
  title={Spatial patterns reveal strong abiotic and biotic drivers 
          of zooplankton community composition in {L}ake {M}{\'y}vatn, {I}celand},
  author={Bartrons, Mireia and Einarsson, Arni and Nobre, Regina LG 
          and Herren, Cristina M and Webert, Kyle C and Brucet, Sandra 
              and Olafsd{\'o}ttir, S{\'o}lveig R and Ives, Anthony R},
  journal={Ecosphere},
  volume={6},
  number={6},
  pages={1--20},
  year={2015},
  publisher={Wiley Online Library}
}

@article{bjornstad1999spatial,
  title={Spatial population dynamics: 
          analyzing patterns and processes of population synchrony},
  author={Bj{\o}rnstad, Ottar N and Ims, Rolf A and Lambin, Xavier},
  journal={Trends in Ecology \& Evolution},
  volume={14},
  number={11},
  pages={427--432},
  year={1999},
  publisher={Elsevier}
}

@article{bolnick2009phenotype,
  title={Phenotype-dependent native habitat preference facilitates divergence between parapatric lake and stream stickleback},
  author={Bolnick, Daniel I and Snowberg, Lisa K and Patenia, Claire 
            and Stutz, William E and Ingram, Travis and Lau, On Lee},
  journal={Evolution: International Journal of Organic Evolution},
  volume={63},
  number={8},
  pages={2004--2016},
  year={2009},
  publisher={Wiley Online Library}
}

@article{bonnet2019role,
  title={The role of selection and evolution in changing parturition date 
            in a red deer population},
  author={Bonnet, Timoth{\'e}e and Morrissey, Michael B and Morris, Alison 
            and Morris, Sean and Clutton-Brock, Tim H and Pemberton, Josephine M 
              and Kruuk, Loeske EB},
  journal={P{L}o{S} {B}iology},
  volume={17},
  number={11},
  pages={e3000493},
  year={2019},
  publisher={Public Library of Science San Francisco, CA USA}
}

@article{brunner2019diversity,
  title={The diversity of eco-evolutionary dynamics: 
          Comparing the feedbacks between ecology and evolution across scales},
  author={Brunner, Franziska S and Deere, Jacques A and Egas, Martijn and Eizaguirre, 
          Christophe and Raeymaekers, Joost AM},
  journal={{Functional Ecology}},
  volume={33},
  number={1},
  pages={7--12},
  year={2019},
  publisher={Wiley Online Library}
}

@article{carpenter2017,
author={Carpenter, Bob and Gelman, Andrew and Hoffman, Matthew D and Lee,
    Daniel and Goodrich, Ben and Betancourt, Michael and Brubaker,
    Marcus and Guo, Jiqiang and Li, Peter and Riddell, Allen},
title={Stan: A probabilistic programming language},
journal={Journal of {S}tatistical {S}oftware},
volume={76},
number={1},
year={2017},
publisher={Columbia Univ., New York, NY (United States); Harvard Univ., Cambridge, MA~â€¦}
}

@book{caswell2001matrix,
  title={Matrix {P}opulation {M}odels: {C}onstruction, {A}nalysis, and {I}nterpretation. 2nd edn},
  author={Caswell, Hal},
  publisher = {Sinauer Associates},
  year={2001}
}

@article{caswell2007sensitivity,
  title={Sensitivity analysis of transient population dynamics},
  author={Caswell, Hal},
  journal={Ecology {L}etters},
  volume={10},
  number={1},
  pages={1--15},
  year={2007},
  publisher={Wiley Online Library}
}

@article{caswell2005reactivity,
  title={Reactivity and transient dynamics of discrete-time ecological systems},
  author={Caswell, Hal and Neubert, Michael G},
  journal={Journal of {D}ifference {E}quations and {A}pplications},
  volume={11},
  number={4-5},
  pages={295--310},
  year={2005},
  publisher={Taylor \& Francis}
}

@article{coulson2006putting,
  title={Putting evolutionary biology back in the ecological theatre: 
          a demographic framework mapping genes to communities},
  author={Coulson, T and Benton, TG and Lundberg, Per and Dall, SRX and Kendall, BE},
  journal={Evolutionary {E}cology {R}esearch},
  volume={8},
  number={7},
  pages={1155--1171},
  year={2006},
  publisher={Evolutionary Ecology, Ltd.}
}

@article{coulson2005decomposing,
  title={Decomposing the variation in population growth into contributions 
          from multiple demographic rates},
  author={Coulson, Tim and Gaillard, Jean-Michel and Festa-Bianchet, Marco},
  journal={Journal of {A}nimal {E}cology},
  volume={74},
  number={4},
  pages={789--801},
  year={2005},
  publisher={Wiley Online Library}
}

@article{coulson2008dynamics,
  title={The dynamics of a quantitative trait in an age-structured population living 
          in a variable environment},
  author={Coulson, Tim and Tuljapurkar, Shripad},
  journal={The {A}merican {N}aturalist},
  volume={172},
  number={5},
  pages={599--612},
  year={2008},
  publisher={The University of Chicago Press}
}

@article{de2019stage,
  title={Stage-structured evolutionary demography: 
          linking life histories, population genetics, and ecological dynamics},
  author={de Vries, Charlotte and Caswell, Hal},
  journal={The {A}merican {N}aturalist},
  volume={193},
  number={4},
  pages={545--559},
  year={2019},
  publisher={The University of Chicago Press Chicago, IL}
}

@article{diller2016demographic,
  title={Demographic response of northern spotted owls to barred owl removal},
  author={Diller, Lowell V and Hamm, Keith A and Early, Desiree A and Lamphear, David W 
          and Dugger, Katie M and Yackulic, Charles B and Schwarz, Carl J 
            and Carlson, Peter C and McDonald, Trent L},
  journal={{T}he {Jo}urnal of {W}ildlife {M}anagement},
  volume={80},
  number={4},
  pages={691--707},
  year={2016},
  publisher={Wiley Online Library}
}


@article{dixon1999episodic,
  title={Episodic fluctuations in larval supply},
  author={Dixon, Paul A and Milicich, Maria J and Sugihara, George},
  journal={Science},
  volume={283},
  number={5407},
  pages={1528--1530},
  year={1999},
  publisher={American Association for the Advancement of Science}
}

@article{einarsson2002,
title={Consumer--resource interactions and cyclic 
population dynamics of \textit{{T}anytarsus gracilentus} ({D}iptera: {C}hironomidae)},
author={Einarsson, \'{A}rni and Gar{\dh}arsson, 
Arnthor and G{\'\i}slason, G{\'\i}sli M\'{a}r and Ives, Anthony R},
journal={Journal of {A}nimal {E}cology},
volume={71},
number={5},
pages={832--845},
year={2002},
publisher={Wiley Online Library}
}

@article{einarsson2004clad,
title={Long-term changes in benthic {C}ladocera populations in {L}ake {M}{\'y}vatn, {I}celand},
author={Einarsson, \'{A}rni and \"{O}rn\'{o}lfsd\'{o}ttir, Erla Bj\"{o}rk},
journal={Aquatic {E}cology},
volume={38},
number={2},
pages={253--262},
year={2004},
publisher={Springer}
}

@article{einarsson2004myvatn,
title={The ecology of {L}ake {M}{\'y}vatn and the {R}iver {L}ax\'{a}: variation in space and time},
author={Einarsson, \'{A}rni and Stef\'{a}nsd\'{o}ttir, Ger{\dh}ur
        and J\'{o}hannesson, Helgi and Olafsson, J\'{o}n S
        and G{\'\i}slason, G{\'\i}sli M{\'a}r
        and Wakana, Isamu and
        Gu{\dh}bergsson, Gu{\dh}ni
        and Gar{\dh}arsson, Arnthor},
journal={Aquatic {E}cology},
volume={38},
number={2},
pages={317--348},
year={2004},
publisher={Springer}
}

@article{ellner2011does,
  title={Does rapid evolution matter? {M}easuring the rate of 
          contemporary evolution and its impacts on ecological dynamics},
  author={Ellner, Stephen P and Geber, Monica A and Hairston Jr, Nelson G},
  journal={Ecology {L}etters},
  volume={14},
  number={6},
  pages={603--614},
  year={2011},
  publisher={Wiley Online Library}
}

@article{elton1924,
  title={Periodic fluctuations in the numbers of animals: their causes and effects},
  author={Elton, Charles S},
  journal={Journal of {E}xperimental {B}iology},
  volume={2},
  number={1},
  pages={119--163},
  year={1924},
  publisher={The Company of Biologists}
}

@article{engen2014estimating,
  title={Estimating phenotypic selection in age-structured populations by 
          removing transient fluctuations},
  author={Engen, Steinar and Kvalnes, Thomas and S{\ae}ther, Bernt-Erik},
  journal={Evolution},
  volume={68},
  number={9},
  pages={2509--2523},
  year={2014},
  publisher={Wiley Online Library}
}

@article{fox2000population,
  title={Population numbers count: tools for near-term demographic analysis},
  author={Fox, Gordon A and Gurevitch, Jessica},
  journal={The {A}merican {N}aturalist},
  volume={156},
  number={3},
  pages={242--256},
  year={2000},
  publisher={The University of Chicago Press}
}

@article{fujiwara2002,
  title={Estimating population projection matrices from multi-stage mark--recapture data},
  author={Fujiwara, Masami and Caswell, Hal},
  journal={Ecology},
  volume={83},
  number={12},
  pages={3257--3265},
  year={2002},
  publisher={Wiley Online Library}
}

@article{gardarsson1979waterfowl,
  title={Waterfowl populations of {L}ake {M}{\`y}vatn and recent changes 
          in numbers and food habits},
  author={Gar{\dh}arsson, Arnth{\'o}r},
  journal={Oikos},
  pages={250--270},
  year={1979},
  publisher={JSTOR}
}

@article{gardarsson2004population,
  title={Population fluctuations of chironomid and simuliid {D}iptera 
        at {M}{\'y}vatn in 1977--1996},
  author={Gar{\dh}arsson, Arnthor and Einarsson, \'{A}rni and 
    G\'{i}slason, G\'{i}sli M\'{a}r and Hrafnsd{\'o}ttir, Th{\'o}ora and 
      Ingvason, Haraldur R and J\'{o}nsson, Erlendur and Olafsson, J\'{o}n S},
  journal={Aquatic Ecology},
  volume={38},
  number={2},
  pages={209--217},
  year={2004},
  publisher={Springer}
}

@article{gilg2009,
  title={Climate change and cyclic predator--prey population dynamics in the high {A}rctic},
  author={Gilg, Olivier and Sittler, Benoit and Hanski, Ilkka},
  journal={Global {C}hange {B}iology},
  volume={15},
  number={11},
  pages={2634--2652},
  year={2009},
  publisher={Wiley Online Library}
}

@article{gislason1998,
title={Population densities of the three-spined stickleback 
  (\textit{Gasterosteus aculeatus L.}) in a shallow lake},
author={G\'{i}slason, G\'{i}sli M\'{a}r and 
  Gu{\dh}mundsson, \'{A}sgr\'{i}mur and Einarsson, \'{A}rni},
journal={Internationale {V}ereinigung f{\"u}r theoretische 
          und angewandte {L}imnologie: {V}erhandlungen},
volume={26},
number={5},
pages={2244--2250},
year={1998},
publisher={Taylor \& Francis}
}

@article{goldwyn2008,
  title={When can dispersal synchronize populations?},
  author={Goldwyn, Eli E and Hastings, Alan},
  journal={Theoretical {P}population {B}iology},
  volume={73},
  number={3},
  pages={395--402},
  year={2008},
  publisher={Elsevier}
}


@techreport{gudbergsson1991,
  title={{S}ilungsranns{\'o}knir {\'i} {M}\'{y}vatni 1986--1990},
  author={Gu{\dh}bergsson, Gu{\dh}ni},
  year={1991},
  institution = {Institute of Freshwater Fisheries (Iceland)}}
}


@article{gudbergsson2004,
  title={Arctic charr in {L}ake {M}{\'y}vatn: 
    the centennial catch record in the light of recent stock estimates},
  author={Gu{\dh}bergsson, Gu{\dh}ni},
  journal={Aquatic {E}cology},
  volume={38},
  number={2},
  pages={271--285},
  year={2004},
  publisher={Springer}
}

@book{gudmundsson1996,
  title={Horns\'{i}li \'{i} M{\'y}vatni},
  author={Gu{\dh}mundsson, \'{A}sgr\'{i}mur},
  year={1996},
  publisher = {University of Iceland M.Sc. thesis}
}

@article{hairston2005rapid,
  title={Rapid evolution and the convergence of ecological and evolutionary time},
  author={Hairston Jr, Nelson G and Ellner, Stephen P and Geber, Monica A and Yoshida, 
          Takehito and Fox, Jennifer A},
  journal={Ecology letters},
  volume={8},
  number={10},
  pages={1114--1127},
  year={2005},
  publisher={Wiley Online Library}
}


@article{hanski1998,
  title={Metapopulation dynamics},
  author={Hanski, Ilkka},
  journal={Nature},
  volume={396},
  number={6706},
  pages={41--49},
  year={1998},
  publisher={Nature Publishing Group}
}

@article{hanski2012eco,
  title={Eco-evolutionary dynamics in a changing world},
  author={Hanski, Ilkka},
  journal={{Annals of the New York Academy of Sciences}},
  volume={1249},
  number={1},
  pages={1--17},
  year={2012},
  publisher={Blackwell Publishing Inc Malden, USA}
}

@article{hastings2010,
  title={Timescales, dynamics, and ecological understanding},
  author={Hastings, Alan},
  journal={Ecology},
  volume={91},
  number={12},
  pages={3471--3480},
  year={2010},
  publisher={Wiley Online Library}
}

@article{heins2012fecundity,
  title={Fecundity compensation in the three-spined stickleback 
        \textit{{G}asterosteus aculeatus} infected by the diphyllobothriidean cestode 
          \textit{{S}chistocephalus solidus}},
  author={Heins, David C},
  journal={Biological {J}ournal of the {L}innean {S}ociety},
  volume={106},
  number={4},
  pages={807--819},
  year={2012},
  publisher={Oxford University Press}
}

@article{heins2010evolutionary,
  title={Evolutionary significance of fecundity reduction in 
          threespine stickleback infected by the diphyllobothriidean 
              cestode \textit{{S}chistocephalus solidus}},
  author={Heins, David C and Baker, John A and Toups, Melissa A and Birden, Emily L},
  journal={Biological {J}ournal of the {L}innean {S}ociety},
  volume={100},
  number={4},
  pages={835--846},
  year={2010},
  publisher={Oxford University Press}
}

@article{hendry2002adaptive,
  title={Adaptive divergence and the balance between selection and gene flow: 
          lake and stream stickleback in the {M}isty system},
  author={Hendry, Andrew P and Taylor, Eric B and McPhail, J Donald},
  journal={Evolution},
  volume={56},
  number={6},
  pages={1199--1216},
  year={2002},
  publisher={Wiley Online Library}
}

@article{hendry2013stickleback,
  title={Stickleback research: the now and the next},
  author={Hendry, Andrew P and Peichel, Catherine L and Matthews, Blake 
          and Boughman, Janette W and Nosil, Patrik},
  journal={Evolutionary {E}cology {R}esearch},
  volume={15},
  number={2},
  pages={111--141},
  year={2013},
  publisher={Evolutionary Ecology, Ltd.}
}

@article{hoogland1956spines,
  title={The spines of sticklebacks (\textit{Gasterosteus} and 
          \textit{Pygosteus}) as means of defence against predators 
            (\textit{Perca} and \textit{Esox})},
  author={Hoogland, R and Morris, D and Tinbergen, N},
  journal={Behaviour},
  pages={205--236},
  year={1956}
}

@article{hoy2020fluctuations,
  title={Fluctuations in age structure and their variable influence 
          on population growth},
  author={Hoy, Sarah R and MacNulty, Daniel R and Smith, Douglas W 
            and Stahler, Daniel R and Lambin, Xavier and Peterson, Rolf O 
                and Ruprecht, Joel S and Vucetich, John A},
  journal={Functional {E}cology},
  volume={34},
  number={1},
  pages={203--216},
  year={2020},
  publisher={Wiley Online Library}
}

@article{hunter2010climate,
  title={Climate change threatens polar bear populations: 
            a stochastic demographic analysis},
  author={Hunter, Christine M and Caswell, Hal and Runge, Michael C 
            and Regehr, Eric V and Amstrup, Steve C and Stirling, Ian},
  journal={Ecology},
  volume={91},
  number={10},
  pages={2883--2897},
  year={2010},
  publisher={Wiley Online Library}
}

@article{ims2000,
  title={Spatial synchronization of vole population dynamics by predatory birds},
  author={Ims, Rolf A and Andreassen, Harry P},
  journal={Nature},
  volume={408},
  number={6809},
  pages={194--196},
  year={2000},
  publisher={Nature Publishing Group}
}

@article{ives2012,
  title={Detecting dynamical changes in nonlinear time series 
          using locally linear state-space models},
  author={Ives, Anthony R and Dakos, Vasilis},
  journal={Ecosphere},
  volume={3},
  number={6},
  pages={1--15},
  year={2012},
  publisher={Wiley Online Library}
}

@article{ives2008,
title={High-amplitude fluctuations and alternative dynamical states 
  of midges in {L}ake {M}{\'y}vatn},
  author={Ives, Anthony R and Einarsson, \'{A}rni and Jansen, Vincent AA 
          and Gar{\dh}arsson, Arnthor},
  journal={Nature},
  volume={452},
  number={7183},
  pages={84--87},
  year={2008},
  publisher={Nature Publishing Group}
}

@article{karvonen2013,
  title={Water temperature, not fish morph, determines parasite infections 
    of sympatric {I}celandic threespine sticklebacks 
    (\textit{{G}asterosteus aculeatus})},
  author={Karvonen, Anssi and Kristj{\'a}nsson, Bjarni K 
    and Sk{\'u}lason, Sk{\'u}li and Lanki, Maiju and Rellstab, Christian 
          and Jokela, Jukka},
  journal={Ecology and {E}volution},
  volume={3},
  number={6},
  pages={1507--1517},
  year={2013},
  publisher={Wiley Online Library}
}

@article{kendall2000dispersal,
  title={Dispersal, environmental correlation, and spatial synchrony 
          in population dynamics},
  author={Kendall, Bruce E and Bj{\o}rnstad, Ottar N and Bascompte, Jordi 
            and Keitt, Timothy H and Fagan, William F},
  journal={The {A}merican {N}aturalist},
  volume={155},
  number={5},
  pages={628--636},
  year={2000},
  publisher={The University of Chicago Press}
}

@article{kitano2008reverse,
  title={Reverse evolution of armor plates in the threespine stickleback},
  author={Kitano, Jun and Bolnick, Daniel I and Beauchamp, David A and 
            Mazur, Michael M and Mori, Seiichi and Nakano, Takanori and 
              Peichel, Catherine L},
  journal={Current {B}iology},
  volume={18},
  number={10},
  pages={769--774},
  year={2008},
  publisher={Elsevier}
}

@article{koons2017understanding,
  title={Understanding the demographic drivers of realized population growth rates},
  author={Koons, David N and Arnold, Todd W and Schaub, Michael},
  journal={Ecological {A}pplications},
  volume={27},
  number={7},
  pages={2102--2115},
  year={2017},
  publisher={Wiley Online Library}
}

@article{koons2016life,
  title={A life-history perspective on the demographic drivers of 
    structured population dynamics in changing environments},
  author={Koons, David N and Iles, David T and Schaub, Michael and Caswell, Hal},
  journal={Ecology {L}etters},
  volume={19},
  number={9},
  pages={1023--1031},
  year={2016},
  publisher={Wiley Online Library}
}

@article{liebhold2004spatial,
  title={Spatial synchrony in population dynamics},
  author={Liebhold, Andrew and Koenig, Walter D and Bj{\o}rnstad, Ottar N},
  journal={Annu. Rev. Ecol. Evol. Syst.},
  volume={35},
  pages={467--490},
  year={2004},
  publisher={Annual Reviews}
}

@article{ludsin2014physical,
  title={Physical--biological coupling and the challenge of 
    understanding fish recruitment in freshwater lakes},
  author={Ludsin, Stuart A and DeVanna, Kristen M and Smith, Ralph EH},
  journal={Canadian {J}ournal of {F}isheries and {A}quatic {S}ciences},
  volume={71},
  number={5},
  pages={775--794},
  year={2014},
  publisher={NRC Research Press}
}

@article{maciejewski2020microhabitat,
  title={Microhabitat contributes to microgeographic divergence in threespine stickleback},
  author={Maciejewski, Meghan F and Jiang, Cynthia and Stuart, Yoel E 
          and Bolnick, Daniel I},
  journal={Evolution},
  volume={74},
  number={4},
  pages={749--763},
  year={2020},
  publisher={Wiley Online Library}
}


@article{may1974,
  title={Biological populations with nonoverlapping generations: 
          stable points, stable cycles, and chaos},
  author={May, Robert M},
  journal={Science},
  volume={186},
  number={4164},
  pages={645--647},
  year={1974},
  publisher={American Association for the Advancement of Science}
}

@article{millet2013,
title={Spatial phenotypic and genetic structure of threespine stickleback 
  (\textit{Gasterosteus aculeatus}) in a heterogeneous natural system, 
  {L}ake {M}{\'y}vatn, Iceland},
author={Millet, Antoine and Kristj\'{a}nsson, Bjarni K and Einarsson, 
  \'{A}rni and R\"{a}s\"{a}nen, Katja},
journal={Ecology and {E}volution},
volume={3},
number={10},
pages={3219--3232},
year={2013},
publisher={Wiley Online Library}
}

@article{moran1953,
  title={The statistical analysis of the {C}anadian lynx cycle.},
  author={Moran, Patrick AP},
  journal={Australian {J}ournal of {Z}oology},
  volume={1},
  number={3},
  pages={291--298},
  year={1953},
  publisher={CSIRO}
}

@article{myers2018,
  title={Population cycles: generalities, exceptions and remaining mysteries},
  author={Myers, Judith H},
  journal={Proceedings of the {R}oyal {S}ociety {B}: {B}iological {S}ciences},
  volume={285},
  number={1875},
  pages={20172841},
  year={2018},
  publisher={The Royal Society}
}

@article{nicholson1935,
  title={The {B}alance of {A}nimal {P}opulationsâ€”{P}art {I}.},
  author={Nicholson, Alexander J and Bailey, Victor A},
  journal={Proceedings of the {Z}oological {S}ociety of {L}ondon},
  volume={105},
  number={3},
  pages={551--598},
  year={1935},
  organization={Wiley Online Library}
}

@article{olafsdottir2007postglacial,
  title={Postglacial intra-lacustrine divergence of 
          Icelandic threespine stickleback morphs in 
            three neovolcanic lakes},
  author={{\'O}lafsd{\'o}ttir, G{\'A} and Snorrason, SS and Ritchie, MG},
  journal={Journal of {E}volutionary {B}iology},
  volume={20},
  number={5},
  pages={1870--1881},
  year={2007},
  publisher={Wiley Online Library}
}


@article{ozgul2010coupled,
  title={Coupled dynamics of body mass and population growth 
          in response to environmental change},
  author={Ozgul, Arpat and Childs, Dylan Z and Oli, Madan K and Armitage, Kenneth B 
            and Blumstein, Daniel T and Olson, Lucretia E and Tuljapurkar, Shripad 
              and Coulson, Tim},
  journal={Nature},
  volume={466},
  number={7305},
  pages={482--485},
  year={2010},
  publisher={Nature Publishing Group}
}

@article{pulliam1988,
  title={Sources, sinks, and population regulation},
  author={Pulliam, H Ronald},
  journal={The American Naturalist},
  volume={132},
  number={5},
  pages={652--661},
  year={1988},
  publisher={University of Chicago Press}
}

@manual{r2020,
    title = {{R}: A {L}anguage and {E}nvironment for {S}tatistical {C}omputing},
    author = {{R Core Team}},
    organization = {R {F}oundation for {S}tatistical {C}omputing},
    address = {Vienna, Austria},
    year = {2020},
    url = {https://www.R-project.org/},
  }

@article{ranta1995synchrony,
  title={Synchrony in population dynamics},
  author={Ranta, Esa and Kaitala, Veijo and Lindstr{\"o}m, Jan and Linden, Harto},
  journal={Proceedings of the {R}oyal {S}ociety of {L}ondon. {S}eries {B}: 
              {B}iological {S}ciences},
  volume={262},
  number={1364},
  pages={113--118},
  year={1995},
  publisher={The Royal Society London}
}

@article{rasanen2008disentangling,
  title={Disentangling interactions between adaptive divergence and 
          gene flow when ecology drives diversification},
  author={R{\"a}s{\"a}nen, Katja and Hendry, Andrew P},
  journal={Ecology {L}etters},
  volume={11},
  number={6},
  pages={624--636},
  year={2008},
  publisher={Wiley Online Library}
}

@article{reimchen2002temporal,
  title={Temporal variation in divergent selection on spine number 
            in threespine stickleback},
  author={Reimchen, TE and Nosil, P},
  journal={Evolution},
  volume={56},
  number={12},
  pages={2472--2483},
  year={2002},
  publisher={Wiley Online Library}
}

@article{rosenzweig1963,
  title={Graphical representation and stability conditions of predator-prey interactions},
  author={Rosenzweig, Michael L and MacArthur, Robert H},
  journal={The {A}merican {N}aturalist},
  volume={97},
  number={895},
  pages={209--223},
  year={1963},
  publisher={Science Press}
}

@article{royle2004,
  title={N-mixture models for estimating population size from spatially replicated counts},
  author={Royle, J Andrew},
  journal={Biometrics},
  volume={60},
  number={1},
  pages={108--115},
  year={2004},
  publisher={Wiley Online Library}
}

@article{siepielski2009s,
  title={Itâ€™s about time: the temporal dynamics of phenotypic selection in the wild},
  author={Siepielski, Adam M and DiBattista, Joseph D and Carlson, Stephanie M},
  journal={Ecology {L}etters},
  volume={12},
  number={11},
  pages={1261--1276},
  year={2009},
  publisher={Wiley Online Library}
}

@article{singkam2019,
  title={Resources are more important than predation in driving the size 
          at maturation of freshwater threespine stickleback 
              (\textit{{G}asterosteus aculeatus})},
  author={Singkam, Abdul R and MacColl, Andrew DC},
  journal={Evolutionary {E}cology {R}esearch},
  volume={20},
  number={3},
  pages={265--278},
  year={2019},
  publisher={Evolutionary Ecology, Ltd.}
}

@article{snyder1991migration,
  title={Migration and life histories of the threespine stickleback: 
          evidence for adaptive variation in growth rate between populations},
  author={Snyder, Randal J},
  journal={Environmental {B}iology of {F}ishes},
  volume={31},
  number={4},
  pages={381--388},
  year={1991},
  publisher={Springer}
}

@misc{stan2018,
  author={{Stan Development Team}},
  title={RStan: the {R} Interface to {S}tan. {R} package version 2.17.3},
  year={2018}
}

@misc{stanguide,
  author={{Stan Development Team}},
  title={{Stan Modeling Language Users Guide and Reference Manual version 2.28}},
  year={2021}
  howpublished = "\url{https://mc-stan.org}"
}

@article{sultan2002metapopulation,
  title={Metapopulation structure favors plasticity over local adaptation},
  author={Sultan, Sonia E and Spencer, Hamish G},
  journal={The {A}merican {N}aturalist},
  volume={160},
  number={2},
  pages={271--283},
  year={2002},
  publisher={The University of Chicago Press}
}


@article{taylor2018demographic,
  title={Demographic drivers of collapse in an island population of Tree Swallows},
  author={Taylor, Liam U and Woodworth, Bradley K and Sandercock, Brett K 
      and Wheelwright, Nathaniel T},
  journal={The {C}ondor: {O}rnithological {A}pplications},
  volume={120},
  number={4},
  pages={828--841},
  year={2018},
  publisher={Oxford University Press}
}

@article{twombly1994,
  title={Comparative demography and population dynamics of two coexisting copepods 
          in a {V}enezuelan floodplain lake},
  author={Twombly, Saran},
  journal={Limnology and {O}ceanography},
  volume={39},
  number={2},
  pages={234--247},
  year={1994},
  publisher={Wiley Online Library}
}

@misc{vehtari2020,
 title = {loo: Efficient leave-one-out cross-validation and WAIC for
   Bayesian models},
 author = {Aki Vehtari and Jonah Gabry and Mans Magnusson and Yuling
   Yao and Paul-Christian BÃ¼rkner and Topi Paananen and Andrew
   Gelman},
 year = {2020},
 note = {R package version 2.4.0},
 url = {https://mc-stan.org/loo/},
}
  
@article{white2007irruptive,
  title={Irruptive population dynamics in Yellowstone pronghorn},
  author={White, PJ and Bruggeman, Jason E and Garrott, Robert A},
  journal={Ecological {A}pplications},
  volume={17},
  number={6},
  pages={1598--1606},
  year={2007},
  publisher={Wiley Online Library}
}

@article{wood1994,
  title={Obtaining Birth and Mortality Patterns From Structured Population Trajectories},
  author={Wood, SN},
  journal={Ecological Monographs},
  volume={64},
  number={1},
  pages={23--44},
  year={1994},
  publisher={Wiley Online Library}
}

@article{wootton2005,
  title={Empirical modelling of the population dynamics 
          of a small population of the threespine stickleback, 
          \textit{{G}asterosteus aculeatus}},
  author={Wootton, Robert J and Adams, Colin E and Attrill, Martin J},
  journal={Environmental {B}iology of {F}ishes},
  volume={74},
  number={2},
  pages={151--161},
  year={2005},
  publisher={Springer}
}

@book{yang2006computational,
  title={Computational molecular evolution},
  author={Yang, Ziheng},
  year={2006},
  publisher={{Oxford University Press Oxford}},
  location={Oxford, UK}
}

@article{zeng1998,
  title={Complex population dynamics in the real world: 
          modeling the influence of time-varying parameters and time lags},
  author={Zeng, Zheng and Nowierski, Robert M and Taper, Mark L and Dennis, Brian 
            and Kemp, William P},
  journal={Ecology},
  volume={79},
  number={6},
  pages={2193--2209},
  year={1998},
  publisher={Wiley Online Library}
}